%% This BibTeX bibliography file was created using BibDesk.
%% https://bibdesk.sourceforge.io/

%% Created for Hayden Outlaw at 2024-03-20 11:14:51 -0500 


%% Saved with string encoding Unicode (UTF-8) 



@misc{vogel2024repeng,
	author = {Theia Vogel},
	title = {repeng},
	url = {https://github.com/vgel/repeng/},
	year = {2024},
	bdsk-url-1 = {https://github.com/vgel/repeng/}}

@article{jiang2023mistral,
	author = {Jiang, Albert Q and Sablayrolles, Alexandre and Mensch, Arthur and Bamford, Chris and Chaplot, Devendra Singh and Casas, Diego de las and Bressand, Florian and Lengyel, Gianna and Lample, Guillaume and Saulnier, Lucile and others},
	journal = {arXiv preprint arXiv:2310.06825},
	title = {Mistral 7B},
	year = {2023}}

@article{bricken2023towards,
	author = {Bricken, Trenton and Templeton, Adly and Batson, Joshua and Chen, Brian and Jermyn, Adam and Conerly, Tom and Turner, Nick and Anil, Cem and Denison, Carson and Askell, Amanda and others},
	journal = {Transformer Circuits Thread},
	pages = {2},
	title = {Towards monosemanticity: Decomposing language models with dictionary learning},
	year = {2023}}

@article{turner2023activation,
	author = {Turner, Alex and Thiergart, Lisa and Udell, David and Leech, Gavin and Mini, Ulisse and MacDiarmid, Monte},
	journal = {arXiv preprint arXiv:2308.10248},
	title = {Activation addition: Steering language models without optimization},
	year = {2023}}

@article{zou2023representation,
  title={Representation engineering: A top-down approach to ai transparency},
  author={Zou, Andy and Phan, Long and Chen, Sarah and Campbell, James and Guo, Phillip and Ren, Richard and Pan, Alexander and Yin, Xuwang and Mazeika, Mantas and Dombrowski, Ann-Kathrin and others},
  journal={arXiv preprint arXiv:2310.01405},
  year={2023}
}
